{1:F01BCDCCDKIAXXX0000000000}{2:I940BCDCCDKIXXXXN}{4:
:20:34824
:25:0013000000855917
:28C:152/1
:60F:C210703USD76242,38
:61:2107030703D298,01NTRF434433         
:86:PAIEMENT PENSION ALIMENTAIRE JUIN 2021
:61:2107030703D4930,NTRF434661         
:86:OV13100675 PAIEMENT FACTURE JA00132021
:61:2107030703D8334,NTRF434796         
:86:MAD FAV LUNDA NGANDU ALEX
:61:2107030703D366,18NTRF435273         
:86:OV 13100685 PAIEMENT VSR WANGGUODIAN NP HK0290662
:61:2107030703D6,39NTRF435506         
:86:CION D'INTERVNP HK0290662 TFM
:61:2107030703D5,NTRF435688         
:86:STATEMENT PRINTING CHARGES
:61:2107030703D0,80NTRF435688         
:86:VAT CHARGE
:62F:C210703USD62302
:64:C210703USD2832352,54
-}